@misc{html2canvas,
	Author = {Niklas von Hertzen},
	Date-Added = {2018},
	Title = {html2canvas},
	Url = {https://github.com/niklasvh/html2canvas},
	Year = {2018},
	note = {(Accessed on 11/18/2018}
	}
	
@misc{gif.js,
	Author = {Johan Nordberg},
	Date-Added = {2018},
	Title = {gif.js},
	Url = {https://github.com/jnordberg/gif.js},
	Year = {2018},
	note = {(Accessed on 11/18/2018}
	}
	
@misc{whammy.js,
	Author = {Kevin Kwok},
	Date-Added = {2018},
	Title = {whammy.js},
	Url = {https://github.com/antimatter15/whammy},
	Year = {2018},
	note = {(Accessed on 11/19/2018}
	}
	
@misc{ffmpegserver.js,
	Author = {Greggman},
	Date-Added = {2017},
	Title = {ffmpegserver.js},
	Url = {https://github.com/greggman/ffmpegserver.js},
	Year = {2018},
	note = {(Accessed on 11/19/2018}
	}