@misc{WebGL,
	Author = {Mike Bailey},
	Date-Added = {2018},
	Title = {WebGL},
	Url = {http://web.engr.oregonstate.edu/~mjb/cs550/Handouts/webgl.1pp.pdf},
	Year = {2018},
	note = {(Accessed on 11/15/2018}
	}
	
@misc{jQuery,
	Author = {Evan Plaice},
	Date-Added = {2018},
	Title = {A jQuery CSV Parser Plugin},
	Url = {https://github.com/evanplaice/jquery-csv/},
	Year = {2018},
	note = {(Accessed on 11/15/2018}
	}
	
@misc{loadjson,
	Author = {CodePen},
	Date-Added = {2018},
	Title = {Load JSON File Locally Using Pure Javascript},
	Url = {https://codepen.io/KryptoniteDove/post/load-json-file-locally-using-pure-javascript},
	Year = {2018},
	note = {(Accessed on 11/15/2018}
	}
	
@misc{hierarchy,
	Author = {wbamberg},
	Date-Added = {2018},
	Title = {Details of the Object Model},
	Url = {https://developer.mozilla.org/en-US/docs/Web/JavaScript/Guide/Details_of_the_Object_Model},
	Year = {2018},
	note = {(Accessed on 11/15/2018}
	}
	
@misc{json,
	Author = {Douglas Crockford},
	Date-Added = {2018},
	Title = {Introducing JSON},
	Url = {https://json.org/},
	Year = {2018},
	note = {(Accessed on 11/15/2018}
	}