@misc{Jellyfish,
    Author = {Aki RodiÄ‡},
    Date-Added = {2015},
    Title = {Jellyfish},
    Url = {https://arodic.github.io/p/jellyfish/},
    Year = {2018},
    note = {Accessed on 11/26/18}
    }

@misc{Plots,
    Author = {Outside of Society},
    Date-Added = {2013},
    Title = {Plots},
    Url = {http://oos.moxiecode.com/js_webgl/particles_morph/},
    Year = {2018},
    note = {Accessed on 11/27/18}
    }
    
@misc{html2canvas,
	Author = {Niklas von Hertzen},
	Date-Added = {2018},
	Title = {html2canvas},
	Url = {https://github.com/niklasvh/html2canvas},
	Year = {2018},
	note = {(Accessed on 11/18/2018}
	}
	
@misc{gif.js,
	Author = {Johan Nordberg},
	Date-Added = {2018},
	Title = {gif.js},
	Url = {https://github.com/jnordberg/gif.js},
	Year = {2018},
	note = {(Accessed on 11/18/2018}
	}
	
@misc{whammy.js,
	Author = {Kevin Kwok},
	Date-Added = {2018},
	Title = {whammy.js},
	Url = {https://github.com/antimatter15/whammy},
	Year = {2018},
	note = {(Accessed on 11/19/2018}
	}
	
@misc{ffmpegserver.js,
	Author = {Greggman},
	Date-Added = {2017},
	Title = {ffmpegserver.js},
	Url = {https://github.com/greggman/ffmpegserver.js},
	Year = {2018},
	note = {(Accessed on 11/19/2018}
	}
	
@misc{MOV,
	Author = {FileInfo},
	Date-Added = {2018},
	Title = {MOV},
	Url = {https://fileinfo.com/extension/mov},
	Year = {2018},
	note = {(Accessed on 11/26/2018}
	}

@misc{WebM,
	Author = {WebM Team},
	Date-Added = {2018},
	Title = {WebM},
	Url = {https://www.webmproject.org/code/},
	Year = {2018},
	note = {(Accessed on 11/27/2018}
	}
	
@misc{PNG,
	Author = {ISO},
	Date-Added = {2004},
	Title = {PNG},
	Url = {https://www.iso.org/standard/29581.html},
	Year = {2018},
	note = {(Accessed on 11/27/2018}
	}
	
@misc{UML,
	Author = {Grady Booch, James Rumbaugh, Ivar Jacobson},
	Date-Added = {2005},
	Title = {Unified Modeling Language User Guide},
	Url = {https://www.webmproject.org/code/},
	Year = {2018},
	note = {(Accessed on 11/27/2018}
	}