@misc{FPS,
	Author = {Techopedia},
	Date-Added = {2018},
	Title = {FPS},
	Url = {https://www.techopedia.com/definition/7297/frames-per-second-fps},
	Year = {2018},
	note = {(Accessed on 11/28/2018}
    }

@misc{WebGL,
    Author = {Mfluehr},
    Date-Added = {2018},
    Title = {WebGL},
    Url = {https://developer.mozilla.org/en-US/docs/Web/API/WebGL_API},
    Year = {2018},
    note = {Accessed on 11/28/2018}
    }
    
@misc{MOV,
	Author = {FileInfo},
	Date-Added = {2018},
	Title = {MOV},
	Url = {https://fileinfo.com/extension/mov},
	Year = {2018},
	note = {(Accessed on 11/26/2018}
	}
	
@misc{JPEG,
	Author = {JPEG},
	Date-Added = {1992},
	Title = {JPEG},
	Url = {https://jpeg.org/jpeg/index.html},
	Year = {2019},
	note = {(Accessed on 04/03/2019}
	}