
@misc{MalwareGraph,
	Author = {Graphistry},
	Date-Added = {2018},
	Title = {Malware Graph},
	Url = {https://www.graphistry.com/graph-analytics},
	Year = {2018},
	note = {(Accessed on 10/18/2018}
	}